@misc{breastCancer,
	author= "Breastcancer.org",
	title     = "What Is Breast Cancer?",
	year 	= "2016",
	note = {Available at \url{http://www.breastcancer.org/symptoms/understand_bc/what_is_bc}}
}

@misc{cause,
	author= "WebMD",
	title	= "What Causes Breast Cancer?",
	year	= "2017",
	note = {Available at \url{https://www.webmd.com/breast-cancer/guide/what-causes-breast-cancer}}
}

@misc{symptoms,
	author= "Mayoclinic.org",
	title	= "Breast Cancer",
	year	= "2018",
	note = {Available at \url{https://www.mayoclinic.org/diseases-conditions/breast-cancer/symptoms-causes/syc-20352470}}
}

@misc{screeningMammography,
	author= "Radiologyinfo.org",
	title 	= "Mammography",
	year	= "2017",
	note	= {Available at \url{https://www.radiologyinfo.org/en/info.cfm?pg=mammo}}
}

@misc{calcification,
	author= {{Breast cancer care}},
	title 	= "Breast calcifications",
	year	= "2016",
	note	= {Available at \url{https://www.breastcancercare.org.uk/information-support/have-i-got-breast-cancer/benign-breast-conditions/breast-calcifications}}
}

@misc{treatmentOptions,
	author= "Breastcancer.org",
	title 	= "Treatment \& Side Effects",
	year	= "2017",
	note	= {Available at \url{http://www.breastcancer.org/treatment?gclid=EAIaIQobChMI69zvjp-l2QIVyFe9Ch31tgpcEAAYAiAAEgKKuPD_BwE}}
}

@misc{treatmentHow,
	author= "Breastcancer.org",
	title 	= "Breast Cancer Treatment",
	year	= "2017",
	note	= {Available at \url{https://www.webmd.com/breast-cancer/guide/breast-cancer-treatment#1}}
}

@article{statistics,
	author= "Rebecca L. Siegel and Kimberly D. Miller and Ahmedin Jemal",
	title 	= "Cancer statistics, 2018",
	year	= "2018",
	journal= "CA: A Cancer Journal for Clinicians",
	volume= "68",
	number="1",
	pages	= "7--30",
	note = {Available at \url{http://dx.doi.org/10.3322/caac.21442}}
}

@misc{prevalencePH,
	author= "Micah Vardeleon",
	title	= "Philippines has highest prevalence of breast cancer among 197 countries",
	year	= "2017",
	note	= {Available at \url{http://www.manilatimes.net/philippines-highest-prevalence-breast-cancer-among-197-countries/311287/}}
}
	

@article{incidencePH,
	author= {{Philippine Daily Inquirer}},
	title	= "Incidence of breast cancer rising in PH, say experts",
	year 	= "2017",
	note	= {Available at \url{http://newsinfo.inquirer.net/942804/philippine-news-updates-breast-cancer-dr-christina-galvez-philippine-breast-cancer-society-bibeth-orteza}}
}

@misc{cancerBurden,
	author= "Cesar D. Mangwang",
	title	= "Cancer costs Southeast Asia socially and economically",
	year	= "2015",
	note	= {Available at \url{http://business.inquirer.net/198982/cancer-costs-southeast-asia-socially-and-economically}}
}

@misc{applicationML,
	author= "Jahnavi Mahanta",
	title	= "Introduction to Neural Networks, Advantages and Applications",
	year	= "2017",
	note 	= {Available at \url{https://towardsdatascience.com/introduction-to-neural-networks-advantages-and-applications-96851bd1a207}}
}

@misc{ANNvsCNN,
	author= "Samer Hijazi and Rishi Kumar and Chris Rowen",
	title	= "Using Convolutonal Neural Networks for Image Recognition",
	year	= "2015",
	note 	= {Available at \url{https://ip.cadence.com/uploads/901/cnn_wp-pdf}}
}

@article{malariablood,
	author= "Kristofer E. delas Penas and Pilarita T. Rivera and Naval, Jr., Prosper C.",
	title	= "Malaria Parasite Detection and Species Identification on Thin Blood Smears Using a Convolutional Neural Network",
	journal= "IEEE/ACM International Conference on Connected Health: Applications, Systems and Engineering Technologies (CHASE)",
	year	= "2017",
	note	= {Available at \url{https://doi.org/10.1109/CHASE.2017.36}}
}

@article{thorax,
	author= "Jie Chen and Xianbiao Qi and Osmo Tervonen and Olli Silven and Guoying Zhao and Matti Pietikainen",
	title	= "Thorax Disease Diagnosis Using Deep Convolutional Neural Network",
	journal= "IEE",
	year	= "2017",
	note	= {Available at \url{https://doi.org/10.1109/EMBC.2016.7591186}}
}

@article{helicobacter,
	author= "Satoki Shichijo and Shuhei Nomura and Kazuharu Aoyama and Yoshitaka Nishikawa and Motoi Miura and Takahide Shinagawa and Hirotoshi Takiyama and Tetsuya Tanimoto and Soichiro Ishihara and Keigo Matsuo and Tomohiro Tada",
	title	= "Application of Convolutional Neural Networks in the Diagnosis of Helicobacter pylori Infection Based on Endoscopic Images",
	journal= "EBioMedicine",
	volume= "25",
	pages	= "106--111",
	year	= "2017",
	note	= {Available at \url{https://doi.org/10.1016/j.ebiom.2017.10.014}}
}

@article{Resnet,
	author= "Kaiming He and Xiangyu Zhang and Shaoqing Ren and Jian Sun",
	title	= "Deep Residual Learning for Image Recognition",
	journal= "ARXIV",
	year	= "2015",
	note	= {Available at \url{https://arxiv.org/pdf/1512.03385.pdf}}
}

@article{CNNmodel,
	author= "Li Shen",
	title	= "End-to-end Training for Whole Image Breast Cancer Diagnosis using An All Convolutional Design",
	journal= "ARXIV",
	year	= "2017",
	note	= {Available at \url{https://arxiv.org/ftp/arxiv/papers/1708/1708.09427.pdf}}
}

@article{quinn,
	author= "John A. Quinn and Rose Nakasi and Pius K. B. Mugagga and Patrick Byanyima and William Lubega and Alfred Andama",
	title	= "Deep Convolutional Neural Networks for Microscopy-Based Point of Care Diagnostics",
	journal= "ARXIV",
	year	= "2016",
	note	= {Available at \url{https://arxiv.org/abs/1608.02989}}
}

@article{pearce,
	author= "Chris Pearce",
	title	= "Convolutional Neural Networks and the Analysis of Cancer Imagery",
	year	= "2017",
	note	= {Available at \url{http://cs231n.stanford.edu/reports/2017/pdfs/25.pdf}}
}

@article{geras,
	author= "Krzysztof J. Geras and  Stacey Wolfson and Yiqiu Shen and Gene Kim and Linda Moy and Kyunghyun Cho",
	title	= "High-Resolution Breast Cancer Screening with Multi-View Deep Convolutional Neural Networks",
	journal= "ARXIV",
	year	= "2017",
	note	= {Available at \url{https://arxiv.org/pdf/1703.07047.pdf}}
}

@article{sun,
	author= "Wenqing Sun and Tzu-Liang Tseng and Jianying Zhang and Wie Qian",
	title	= "Enhancing deep convolutional neural network scheme for breast cancer diagnosis with unlabeled data",
	journal= "Computerized Medical Imaging and Graphics",
	volume= "57",
	pages	= "4--9",
	year	= "2017",
	note	= {Available at \url{https://doi.org/10.1016/j.compmedimag.2016.07.004}}
}

@article{chougrad,
	author= "Hiba Chougrad and Hamid Zouaki and Omar Alheyane",
	title	= "Deep Convolutional Neural Networks for breast cancer screening",
	journal= "Computer Methods and Programs in Biomedicine",
	volume= "157",
	pages	= "19--30",
	year	= "2018",
	note	= {Available at \url{https://doi.org/10.1016/j.cmpb.2018.01.011}}
}

@article{araujo,
	author= "Teresa Araújo and Guilherme Aresta and Eduardo Castro and José Rouco and Paulo Aguiar and Catarina Eloy and António Polónia and Aurélio Campilho",
	title	= "Classification of breast cancer histology images using Convolutional Neural Networks",
	journal= "PLOS",
	year	= "2017",
	note	= {Available at \url{https://doi.org/10.1371/journal.pone.0177544}}
}

@article{rakhlin,
	author= "Alexander Rakhlin and Alexey Shvets and Vladimir Iglovikov and Alexandr A. Kalinin",
	title	= "Deep Convolutional Neural Networks for Breast Cancer Histology Image Analysis",
	journal= "ARXIV",
	year	= "2018",
	note	= {Available at \url{https://arxiv.org/abs/1802.00752}}
}

@article{weng,
	author= "Sheng Weng",
	title	= "Automating Breast Cancer Detection with Deep Learning",
	journal= "INSIGHT",
	year	= "2017",
	note	= {Available at \url{https://blog.insightdatascience.com/automating-breast-cancer-detection-with-deep-learning-d8b49da17950}}
}

@misc{breastCancerTypes,
	author= {{The American Cancer Society}},
	title	= "Types of Breast Cancer",
	year	= "2017",
	note 	= {Available at \url{https://www.cancer.org/cancer/breast-cancer/understanding-a-breast-cancer-diagnosis/types-of-breast-cancer.html}}
}

@misc{breastCancerOrgDCIS,
	author= "Breastcancer.org",
	title	= "DCIS — Ductal Carcinoma In Situ",
	year	= "2017",
	note 	= {Available at \url{http://www.breastcancer.org/symptoms/types/dcis}}
}

@misc{ACSDCIS,
	author= {{The American Cancer Society}},
	title	= "Treatment of Ductal Carcinoma in Situ (DCIS)",
	year	= "2016",
	note 	= {https://www.cancer.org/cancer/breast-cancer/treatment/treatment-of-breast-cancer-by-stage/treatment-of-ductal-carcinoma-in-situ-dcis.html}}
}

@misc{breastCancerOrgIDC,
	author= "Breastcancer.org",
	title	= "IDC — Invasive Ductal Carcinoma",
	year	= "2017",
	note 	= {Available at \url{http://www.breastcancer.org/symptoms/types/idc}}
}

@misc{breastCancerOrgILC,
	author= "Breastcancer.org",
	title	= "ILC — Invasive Lobular Carcinoma",
	year	= "2017",
	note 	= {Available at \url{http://www.breastcancer.org/symptoms/types/ilc}}
}

@misc{ACSSymptoms,
	author= {{The American Cancer Society}},
	title	= "Breast Cancer Signs and Symptoms",
	year	= "2017",
	note 	= {Available at \url{https://www.cancer.org/cancer/breast-cancer/about/breast-cancer-signs-and-symptoms.html}}
}

@misc{cancerPrognosis,
	author= {{The American Cancer Society}},
	title	= "Breast Cancer Survival Rates",
	year	= "2017",
	note 	= {Available at \url{https://www.cancer.org/cancer/breast-cancer/understanding-a-breast-cancer-diagnosis/breast-cancer-survival-rates.html}}
}

@misc{cancerTreatmentSpecific,
	author= {{ASCO Cancer.net}},
	title	= "Breast Cancer: Treatment Options",
	year	= "2017",
	note 	= {Available at \url{https://www.cancer.net/cancer-types/breast-cancer/treatment-options}}
}

@misc{breastScreening,
	author= "RadiologyInfo.org",
	title	= "Breast Cancer Screening",
	year	= "2016",
	note 	= {Available at \url{https://www.radiologyinfo.org/en/info.cfm?pg=screening-breast}}
}

@misc{breastBiopsy,
	author= {{The American Cancer Society}},
	title	= "Breast Biopsy",
	year	= "2017",
	note 	= {Available at \url{https://www.cancer.org/cancer/breast-cancer/screening-tests-and-early-detection/breast-biopsy.html}}
}

@article{breastCancerScreeningAndDiagnosis,
	author= "Therese B. Bevers and Benjamin O. Anderson and Ermelinda Bonaccio and Sandra Buys and Mary B. Daly and Peter J. Dempsey and William B. Farrar and Irving Fleming and Judy E. Garber and Randall E. Harris and Alexandra S. Heerdt and Mark Helvie and John G. Huff and Nazanin Khakpour and Seema A. Khan and Helen Krontiras and Gary Lyman and Elizabeth Rafferty and Sara Shaw and Mary Lou Smith and Theodore N. Tsangaris and Cheryl Williams and Thomas Yankeelov",
	title	= "Breast Cancer Screening and Diagnosis",
	journal= "Journal of the National Comprehensive Cancer Network",
	volume= "7",
	number="10",
	pages	= "1083--1084",
	year	= "2009",
	note	= {Available at \url{https://doi.org/10.1016/j.ebiom.2017.10.014}}
}

@misc{mammogramViews,
	author= "J.F. Heron",
	title	= "Interpreting mammograms",
	year	= "2009",
	note 	= {Available at \url{https://oncoprof.net/Generale2000/g04_Diagnostic/Mammographie/gb04_mm04.html}}
}

@misc{mammogramMass,
	author= "J.F. Heron",
	title	= "Breast masses",
	year	= "2009",
	note 	= {Available at \url{https://oncoprof.net/Generale2000/g04_Diagnostic/Mammographie/gb04_mm06.html}}
}

@misc{regularBreastMasses,
	author= "J.F. Heron",
	title	= "Regular breast masses",
	year	= "2009",
	note 	= {Available at \url{https://oncoprof.net/Generale2000/g04_Diagnostic/Mammographie/gb04_mm07.html}}
}

@misc{irregularBreastMasses,
	author= "J.F. Heron",
	title	= "Masses with irregular limits",
	year	= "2009",
	note 	= {Available at \url{https://oncoprof.net/Generale2000/g04_Diagnostic/Mammographie/gb04_mm08.html}}
}

@misc{irregularMasses,
	author= "J.F. Heron",
	title	= "Irregular masses",
	year	= "2009",
	note 	= {Available at \url{https://oncoprof.net/Generale2000/g04_Diagnostic/Mammographie/gb04_mm09.html}}
}

@misc{breastCalcification,
	author= "WebMD",
	title	= "Breast Calcifications",
	year	= "2017",
	note 	= {Available at \url{https://www.webmd.com/women/guide/breast-calcification-symptoms-causes-treatments#1}}
}

@misc{mammaryCalcifications,
	author= "J.F. Heron",
	title	= "Mammary calcifications",
	year	= "2009",
	note 	= {Available at \url{https://oncoprof.net/Generale2000/g04_Diagnostic/Mammographie/gb04_mm10.html}}
}

@misc{machineLearning,
	author= "Daniel Faggella",
	title	= "What is Machine Learning",
	year	= "2017",
	note 	= {Available at \url{https://www.techemergence.com/what-is-machine-learning/}}
}

@misc{machineLearningTypes,
	author= "David Fumo",
	title	= "Types of Machine Learning Algorithms You Should Know",
	year	= "2017",
	note 	= {Available at \url{https://towardsdatascience.com/types-of-machine-learning-algorithms-you-should-know-953a08248861}}
}

@misc{supervisedLearning,
	author= "Vishal Maini",
	title	= "Machine Learning for Humans, Part 2.1: Supervised Learning",
	year	= "2017",
	note 	= {Available at \url{https://medium.com/machine-learning-for-humans/supervised-learning-740383a2feab}}
}

@misc{reinforcementLearning,
	author= "Daniel Shiffman",
	title	= "The Nature of Code: Chapter 10. Neural Networks",
	year	= "2012",
	note 	= {Available at \url{http://natureofcode.com/book/chapter-10-neural-networks/}}
}

@article{artificialNeuralNetworks,
	author= "S. Agatonovic-Kustrin and R. Beresford",
	title	= "Basic concepts of artificial neural network (ANN) modeling and its application in pharmaceutical research",
	journal= "Journal of Pharmaceutical and Biomedical Analysis",
	volume= "22",
	pages	= "717--727",
	year	= "2000",
	note	= {Available at \url{https://doi.org/10.1016/S0731-7085(99)00272-1}}
}

@misc{advantageDeepLearning,
	author= "Oksana Maslovska",
	title	= "Deep Learning: Definition, Benefits, and Challenges",
	year	= "2017",
	note 	= {Available at \url{https://stfalcon.com/en/blog/post/deep-learning-benefits-and-challenges}}
}

@misc{convolutionalNeuralNetworks,
	author= "Waseem Rawat and Zenghui Wang",
	title	= "Deep Convolutional Neural Networks for Image Classification: A Comprehensive Review",
	year	= "2017",
	note 	= {Available at \url{https://www.mitpressjournals.org/doi/pdf/10.1162/neco_a_00990}}
}


@misc{convolutionalLayers,
	title	= "CS231n Convolutional Neural Networks for Visual Recognition",
	note 	= {Available at \url{http://cs231n.github.io/convolutional-networks/#conv}}
}

@misc{CBIS-DDSM,
	author= "Rebecca Sawyer Lee and Francisco Gimenez and Assaf Hoogi and Daniel Rubin",
	title	= "Curated Breast Imaging Subset of DDSM",
	year	= "2016",
	note 	= {The Cancer Imaging Archive. Available at \url{http://dx.doi.org/10.7937/K9/TCIA.2016.7O02S9CY}}
}

@article{TCIA,
	author= "Kenneth Clark and Bruce Vendt and Kirk Smith and John Freymann and Justin Kirby and Paul Koppel and Stephen Moore and Stanly Phillips and David Maffitt and Michael Pringle and Lawrence Tarbox and Fred Prior",
	title	= "The Cancer Imaging Archive (TCIA): Maintaining and Operating a Public Information Repository",
	journal= "Journal of Digital Imaging",
	volume= "26",
	number= "6",
	pages	= "1045--1057",
	year	= "2013",
	note	= {Available at \url{https://link.springer.com/article/10.1007%2Fs10278-013-9622-7}}
}